@online{Oracle,
  author = {Oracle Inc.},
  title = {Managing Optimizer Statistics},
  year = {2000,2003},
  url = {http://docs.oracle.com/cd/B13789_01/server.101/b10752/stats.htm},
  urldate = {2014-05-15}
}

@online{OracleRAC,
  author = {Oracle Inc.},
  title = {Overview of Oracle RAC Architecture and Processing},
  year = {2013},
  url = {http://docs.oracle.com/cd/E11882_01/rac.112/e41960/admcon.htm#RACAD7271},
  urldate = {2014-05-15}
}

@online{PGCollector,
	author =	{PostgreSQL Development Group},
	title	=	{The Statistics Collector},
	year	=	{2013},
	url		=	{http://www.postgresql.org/docs/9.1/static/monitoring-stats.html},
	urldate	=	{2014-05-15}
}

@online{PGStats,
	author =	{PostgreSQL Development Group},
	title	=	{pg\_stats},
	year	=	{2013},
	url		=	{http://www.postgresql.org/docs/9.1/static/view-pg-stats.html},
	urldate	=	{2014-05-15}
}

@online{PGClass,
	author =	{PostgreSQL Development Group},
	title	=	{pg\_class},
	year	=	{2013},
	url		=	{http://www.postgresql.org/docs/9.1/static/catalog-pg-class.html},
	urldate	=	{2014-05-15}
}

@online{PGReplication,
	author =	{PostgreSQL Development Group},
	title	=	{High Availability, Load Balancing, and Replication},
	year	=	{2014},
	url		=	{http://www.postgresql.org/docs/9.3/static/high-availability.html},
	urldate	=	{2014-05-15}
}

@online{SQLServerStats,
	author	=	{Microsoft Inc.},
	title		=	{Statistics used by the Query Optimizer in Microsoft SQL Server 2008},
	url			=	{http://technet.microsoft.com/en-us/library/dd535534(v=sql.100).aspx},
	year		=	{2014},
	urldate	=	{2014-05-15}
}

@online{GreenplumAdmin,
	author	=	{EMC Inc.},
	title		=	{Greenplum Database 4.2 Database Administrator's Guide},
	url			=	{http://media.gpadmin.me/wp-content/uploads/2012/11/GPDBAGuide.pdf},
	year		=	{2012},
	urldate	=	{2014-05-15}
}

@online{Vertica,
	author	=	{Hewlett-Packard},
	title		=	{HP Vertica Analytics Platform Version 5.1.x Documentation},
	url			=	{https://my.vertica.com/docs/5.1.6/HTML/index.htm#14571.htm},
	year		=	{2006-2013},
	urldate	=	{2014-05-15}
}

@INPROCEEDINGS{Flajolet07hyperloglog:the,
    author = {Philippe Flajolet and Eric Fusy and Olivier Gandouet and et al.},
    title = {Hyperloglog: The analysis of a near-optimal cardinality estimation algorithm},
    booktitle = {IN AOFA '07: PROCEEDINGS OF THE 2007 INTERNATIONAL CONFERENCE ON ANALYSIS OF ALGORITHMS},
    year = {2007},
		url	=	{http://algo.inria.fr/flajolet/Publications/FlFuGaMe07.pdf},
		urldate	=	{2014-05-19}
}

@inproceedings{HyperLogLogGoogle,
title = {HyperLogLog in Practice: Algorithmic Engineering of a State of The Art Cardinality Estimation Algorithm},
author  = {Stefan Heule and Marc Nunkesser and Alex Hall},
year  = 2013,
booktitle = {Proceedings of the EDBT 2013 Conference},
address = {Genoa, Italy}
}

@article{CountMinSketch,
 author = {Cormode, Graham and Muthukrishnan, S.},
 title = {An Improved Data Stream Summary: The Count-min Sketch and Its Applications},
 journal = {J. Algorithms},
 issue_date = {April 2005},
 volume = {55},
 number = {1},
 month = apr,
 year = {2005},
 issn = {0196-6774},
 pages = {58--75},
 numpages = {18},
 url = {http://dx.doi.org/10.1016/j.jalgor.2003.12.001},
 doi = {10.1016/j.jalgor.2003.12.001},
 acmid = {1073718},
 publisher = {Academic Press, Inc.},
 address = {Duluth, MN, USA},
} 

@inproceedings{SpaceSaver,
 author = {Metwally, Ahmed and Agrawal, Divyakant and El Abbadi, Amr},
 title = {Efficient Computation of Frequent and Top-k Elements in Data Streams},
 booktitle = {Proceedings of the 10th International Conference on Database Theory},
 series = {ICDT'05},
 year = {2005},
 isbn = {3-540-24288-0, 978-3-540-24288-8},
 location = {Edinburgh, UK},
 pages = {398--412},
 numpages = {15},
 url = {http://dx.doi.org/10.1007/978-3-540-30570-5_27},
 doi = {10.1007/978-3-540-30570-5_27},
 acmid = {2131596},
 publisher = {Springer-Verlag},
 address = {Berlin, Heidelberg},
} 

@article{MatiasWaveletHistogram,
 author = {Matias, Yossi and Vitter, Jeffrey Scott and Wang, Min},
 title = {Wavelet-based Histograms for Selectivity Estimation},
 journal = {SIGMOD Rec.},
 issue_date = {June 1998},
 volume = {27},
 number = {2},
 month = jun,
 year = {1998},
 issn = {0163-5808},
 pages = {448--459},
 numpages = {12},
 url = {http://doi.acm.org/10.1145/276305.276344},
 doi = {10.1145/276305.276344},
 acmid = {276344},
 publisher = {ACM},
 address = {New York, NY, USA},
} 

@inproceedings{GilbertWaveletHistograms,
 author = {Gilbert, Anna C. and Guha, Sudipto and Indyk, Piotr and Kotidis, Yannis and Muthukrishnan, S. and Strauss, Martin J.},
 title = {Fast, Small-space Algorithms for Approximate Histogram Maintenance},
 booktitle = {Proceedings of the Thiry-fourth Annual ACM Symposium on Theory of Computing},
 series = {STOC '02},
 year = {2002},
 isbn = {1-58113-495-9},
 location = {Montreal, Quebec, Canada},
 pages = {389--398},
 numpages = {10},
 url = {http://doi.acm.org/10.1145/509907.509966},
 doi = {10.1145/509907.509966},
 acmid = {509966},
 publisher = {ACM},
 address = {New York, NY, USA},
} 

@inproceedings{GilbertSurfing,
 author = {Gilbert, Anna C. and Kotidis, Yannis and Muthukrishnan, S. and Strauss, Martin},
 title = {Surfing Wavelets on Streams: One-Pass Summaries for Approximate Aggregate Queries},
 booktitle = {Proceedings of the 27th International Conference on Very Large Data Bases},
 series = {VLDB '01},
 year = {2001},
 isbn = {1-55860-804-4},
 pages = {79--88},
 numpages = {10},
 url = {http://dl.acm.org/citation.cfm?id=645927.672174},
 acmid = {672174},
 publisher = {Morgan Kaufmann Publishers Inc.},
 address = {San Francisco, CA, USA},
} 

@incollection{CormodeGroupedCountSketch,
year={2006},
isbn={978-3-540-32960-2},
booktitle={Advances in Database Technology - EDBT 2006},
volume={3896},
series={Lecture Notes in Computer Science},
editor={Ioannidis, Yannis and Scholl, MarcH. and Schmidt, JoachimW. and Matthes, Florian and Hatzopoulos, Mike and Boehm, Klemens and Kemper, Alfons and Grust, Torsten and Boehm, Christian},
doi={10.1007/11687238_4},
title={Fast Approximate Wavelet Tracking on Streams},
url={http://dx.doi.org/10.1007/11687238_4},
publisher={Springer Berlin Heidelberg},
author={Cormode, Graham and Garofalakis, Minos and Sacharidis, Dimitris},
pages={4-22}
}

@inproceedings{JagadishOptimalHistograms,
 author = {Jagadish, H. V. and Koudas, Nick and Muthukrishnan, S. and Poosala, Viswanath and Sevcik, Kenneth C. and Suel, Torsten},
 title = {Optimal Histograms with Quality Guarantees},
 booktitle = {Proceedings of the 24rd International Conference on Very Large Data Bases},
 series = {VLDB '98},
 year = {1998},
 isbn = {1-55860-566-5},
 pages = {275--286},
 numpages = {12},
 url = {http://dl.acm.org/citation.cfm?id=645924.671191},
 acmid = {671191},
 publisher = {Morgan Kaufmann Publishers Inc.},
 address = {San Francisco, CA, USA},
} 

@article{GibbonsFastIncremental,
 author = {Gibbons, Phillip B. and Matias, Yossi and Poosala, Viswanath},
 title = {Fast Incremental Maintenance of Approximate Histograms},
 journal = {ACM Trans. Database Syst.},
 issue_date = {September 2002},
 volume = {27},
 number = {3},
 month = sep,
 year = {2002},
 issn = {0362-5915},
 pages = {261--298},
 numpages = {38},
 url = {http://doi.acm.org/10.1145/581751.581753},
 doi = {10.1145/581751.581753},
 acmid = {581753},
 publisher = {ACM},
 address = {New York, NY, USA},
 keywords = {Approximation, histograms, incremental maintenance, query optimization, sampling},
} 

@inproceedings{MousaviEquiDepthDataStreams,
 author = {Mousavi, Hamid and Zaniolo, Carlo},
 title = {Fast and Accurate Computation of Equi-depth Histograms over Data Streams},
 booktitle = {Proceedings of the 14th International Conference on Extending Database Technology},
 series = {EDBT/ICDT '11},
 year = {2011},
 isbn = {978-1-4503-0528-0},
 location = {Uppsala, Sweden},
 pages = {69--80},
 numpages = {12},
 url = {http://doi.acm.org/10.1145/1951365.1951376},
 doi = {10.1145/1951365.1951376},
 acmid = {1951376},
 publisher = {ACM},
 address = {New York, NY, USA},
} 

@article{PiatetskyTuple,
 author = {Piatetsky-Shapiro, Gregory and Connell, Charles},
 title = {Accurate Estimation of the Number of Tuples Satisfying a Condition},
 journal = {SIGMOD Rec.},
 issue_date = {June 1984},
 volume = {14},
 number = {2},
 month = jun,
 year = {1984},
 issn = {0163-5808},
 pages = {256--276},
 numpages = {21},
 url = {http://doi.acm.org/10.1145/971697.602294},
 doi = {10.1145/971697.602294},
 acmid = {602294},
 publisher = {ACM},
 address = {New York, NY, USA},
} 

@article{GuhaApproximation,
 author = {Guha, Sudipto and Koudas, Nick and Shim, Kyuseok},
 title = {Approximation and Streaming Algorithms for Histogram Construction Problems},
 journal = {ACM Trans. Database Syst.},
 issue_date = {March 2006},
 volume = {31},
 number = {1},
 month = mar,
 year = {2006},
 issn = {0362-5915},
 pages = {396--438},
 numpages = {43},
 url = {http://doi.acm.org/10.1145/1132863.1132873},
 doi = {10.1145/1132863.1132873},
 acmid = {1132873},
 publisher = {ACM},
 address = {New York, NY, USA},
 keywords = {Data Streams, approximation algorithm, histograms},
} 
@inproceedings{GuhaREHIST,
 author = {Guha, Sudipto and Shim, Kyuseok and Woo, Jungchul},
 title = {REHIST: Relative Error Histogram Construction Algorithms},
 booktitle = {Proceedings of the Thirtieth International Conference on Very Large Data Bases - Volume 30},
 series = {VLDB '04},
 year = {2004},
 isbn = {0-12-088469-0},
 location = {Toronto, Canada},
 pages = {300--311},
 numpages = {12},
 url = {http://dl.acm.org/citation.cfm?id=1316689.1316717},
 acmid = {1316717},
 publisher = {VLDB Endowment},
} 

@book{HernandezWavelets,
	author	=	{Henandez, Eugenio and Weiss, Guido},
	title		=	{A First Course on Wavelets},
	booktitle	=	{A First Cource on Wavelets},
	year			=	{1996},
	publisher	=	{CRC Press, LLC},
	isbn			=	{0-8493-8274},
}
